@online{KubernetesResources,
	title        = {Kubernetes. Managing Compute Resources for Containers},
	organization = {The Linux Foundation},
	url          = {https://kubernetes.io/docs/concepts/configuration/manage-compute-resources-container/},
  language     = {russian},
}
